@INPROCEEDINGS{huffman,
	AUTHOR = "Huffman, D.",
	TITLE = "A Method for the Construction of Minimum-Redundancy Codes",
        	BOOKTITLE = "The Proceedings of the I.R.E.",
	PUBLISHER = "IEEE",
	MONTH = "September",
        	YEAR = "1952"
}
@INPROCEEDINGS{kelsey,
	AUTHOR = "Kelsey, J.",
	TITLE = "Compression and Information Leakage of Plaintext",
	BOOKTITLE = "Revised Papers from the 9th International Workshop on Fast Software Encryption",
	PAGES = "263-276",
	PUBLISHER = "Springer-Verlag",
	ADDRESS = "London, UK",
	MONTH = "February",
	YEAR = "2002"
}
@ARTICLE{sangwan,
	AUTHOR = "Sangwan, N.",
	TITLE = "Text Encryption with Huffman Compression",
	JOURNAL = "International Journal of Computer Applications",
	VOLUME = "54",
	NUMBER = "10",
	MONTH = "October",
	YEAR = 2003
}
@ARTICLE{johnson,
   	AUTHOR = "Johnson, M. and Ishwar, P. and Prabhakaran, V. and Schonberg, D. and Ramchandran, K.",
   	TITLE = "On Compressing Encrypted Data",
   	JOURNAL = "IEEE Transactions on Signal Processing",
   	VOLUME = "53",
	NUMBER = "10",
   	MONTH = "October",
	YEAR = "2004"
}
@ARTICLE{sharma,
	AUTHOR = "Sharma, R. and Bollavarapu, S.",
	TITLE = "Data Security using Compression and Cryptography Techniques",
	JOURNAL = "International Journal of Computer Applications",
	VOLUME = "117",
	NUMBER = "14",
	MONTH = "May",
	YEAR = "2015"
}
@TECHREPORT{gluck,
	AUTHOR = "Gluck, Y. and Harris, N. and Prado, A.",
	TITLE = "BREACH: Reviving the CRIME Attack",
	NOTE = "[accessed February 2017]",
	MONTH = "July",
	YEAR = "2013"
}
@ARTICLE{shannon,
	AUTHOR = "Shannon, C. E.",
	TITLE = "Mathematical Theory of Communication",
	JOURNAL = "Bell System Technical Journal",
	VOLUME = "27",
	NUMBER = "3",
	PAGES = "379-423",
	MONTH = "July",
	YEAR = "1948"
}
@ARTICLE{shannon-secrecy,
	AUTHOR = "Shannon, C. E.",
	TITLE = "Communication Theory of Secrecy Systems",
	JOURNAL = "Bell System Technical Journal",
	VOLUME = "28",
	NUMBER = "4",
	PAGES = "656-715",
	MONTH = "October",
	YEAR = "1949"
}